<?xml version="1.0" encoding="UTF-8"?><collection xmlns="http://www.loc.gov/MARC21/slim"><record><leader>00607nam--2200181-u-4500</leader><controlfield tag="001">000054982</controlfield><controlfield tag="002">20161230</controlfield><controlfield tag="005">20161230201051</controlfield><controlfield tag="008">120717s1000------------r-----000-0-fre-d</controlfield><datafield ind1=" " ind2=" " tag="040"><subfield code="a">IFIN-HH</subfield></datafield><datafield ind1=" " ind2=" " tag="041"><subfield code="a">fre</subfield></datafield><datafield ind1=" " ind2=" " tag="080"><subfield code="a">539.194:535.372(043)</subfield></datafield><datafield ind1="1" ind2=" " tag="100"><subfield code="a">Winkoun, Dominique</subfield></datafield><datafield ind1="1" ind2="0" tag="245"><subfield code="a">Contribution a l'etude des transitions electroniques non radiatives dans ions moleculaires par une technique de coincidences entre photoelelctrons et photons de fluorecence</subfield><subfield code="b">These</subfield><subfield code="c">Dominique winkoun</subfield></datafield><datafield ind1=" " ind2=" " tag="260"><subfield code="a">Paris</subfield><subfield code="b">Universite</subfield><subfield code="c">1983</subfield></datafield><datafield ind1=" " ind2=" " tag="300"><subfield code="a">93P</subfield></datafield><datafield ind1=" " ind2=" " tag="852"><subfield code="a">7198</subfield><subfield code="c">539.19</subfield></datafield><datafield ind1=" " ind2=" " tag="CAT"><subfield code="a">Sys</subfield><subfield code="c">20120717</subfield><subfield code="h">151842</subfield></datafield></record></collection>